@article{netravali_sivaraman_winstein_das_goyal_balakrishnan_2014, title={Mahimahi}, volume={44}, DOI={10.1145/2740070.2631455}, number={4}, journal={ACM SIGCOMM Computer Communication Review}, author={Netravali, Ravi and Sivaraman, Anirudh and Winstein, Keith and Das, Somak and Goyal, Ameesh and Balakrishnan, Hari}, year={2014}, pages={129â€“130}}
 @article{ruamviboonsuk_netravali_uluyol_madhyastha_2017, title={Vroom}, DOI={10.1145/3098822.3098851}, journal={Proceedings of the Conference of the ACM Special Interest Group on Data Communication - SIGCOMM 17}, author={Ruamviboonsuk, Vaspol and Netravali, Ravi and Uluyol, Muhammed and Madhyastha, Harsha V.}, year={2017}} 